@article{einstein,
  author =       "Albert Einstein",
  title =        "{Zur Elektrodynamik bewegter K{\"o}rper}. ({German})
                 [{On} the electrodynamics of moving bodies]",
  journal =      "Annalen der Physik",
  volume =       "322",
  number =       "10",
  pages =        "891--921",
  year =         "1905",
  DOI =          "http://dx.doi.org/10.1002/andp.19053221004"
}

@book{latexcompanion,
    author    = "Michel Goossens and Frank Mittelbach and Alexander Samarin",
    title     = "The \LaTeX\ Companion",
    year      = "1993",
    publisher = "Addison-Wesley",
    address   = "Reading, Massachusetts"
}

@misc{knuthwebsite,
    author    = "Donald Knuth",
    title     = "Knuth: Computers and Typesetting",
    url       = "http://www-cs-faculty.stanford.edu/\~{}uno/abcde.html"
}

@manual{maxim:max3485,
    author  = "Maxim Integrated",
    title         = "3.3V-Powered, 10Mbps and Slew-Rate-Limited True RS-485/RS-422 Transceivers",
    number        = "19-0333",
    year          =  1994,
    month         =  12,
    note          = "Rev.0"
}

@manual{silabs:efm8bb1,
    author  = "Silicon Labs",
    title         = "EFM8 Busy Bee Family, EFM8BB1 Data Sheet",
    year          =  2017,
    month         =  03,
    note          = "Rev.1.6"
}